<record><leader>04606cam a2200445 i 4500</leader><controlfield tag="001">6802350</controlfield><controlfield tag="003">OCoLC</controlfield><controlfield tag="005">20150114070145.1</controlfield><controlfield tag="006">m     o  d        </controlfield><controlfield tag="007">cr cnu---unuuu</controlfield><controlfield tag="008">141210s2015    cau     obe   001 0 eng d</controlfield><datafield ind1=" " ind2=" " tag="020"><subfield code="a">9781610697606</subfield><subfield code="q">electronic bk.</subfield></datafield><datafield ind1=" " ind2=" " tag="020"><subfield code="a">161069760X</subfield><subfield code="q">electronic bk.</subfield></datafield><datafield ind1=" " ind2=" " tag="020"><subfield code="z">9781610697590</subfield></datafield><datafield ind1=" " ind2=" " tag="020"><subfield code="z">1610697596</subfield></datafield><datafield ind1=" " ind2=" " tag="037"><subfield code="a">923759</subfield><subfield code="b">EBSCO</subfield></datafield><datafield ind1=" " ind2=" " tag="039"><subfield code="a">exclude</subfield></datafield><datafield ind1=" " ind2=" " tag="040"><subfield code="a">CaONFJC</subfield><subfield code="c">CaONFJC</subfield><subfield code="e">rda</subfield><subfield code="d">AEU</subfield></datafield><datafield ind1=" " ind2="4" tag="050"><subfield code="a">RM222.2</subfield><subfield code="b">.B535 2015eb</subfield></datafield><datafield ind1="0" ind2="4" tag="082"><subfield code="a">613.2/503</subfield><subfield code="2">23</subfield></datafield><datafield ind1=" " ind2=" " tag="090"><subfield code="a">Internet Access</subfield><subfield code="b">AEU</subfield></datafield><datafield ind1="1" ind2=" " tag="100"><subfield code="a">Bijlefeld, Marjolijn,</subfield><subfield code="d">1960-</subfield><subfield code="e">author.</subfield></datafield><datafield ind1="1" ind2="0" tag="245"><subfield code="a">Encyclopedia of diet fads</subfield><subfield code="h">[electronic resource] :</subfield><subfield code="b">understanding science and society /</subfield><subfield code="c">Marjolijn Bijlefeld and Sharon K. Zoumbaris.</subfield></datafield><datafield ind1=" " ind2=" " tag="250"><subfield code="a">Second edition.</subfield></datafield><datafield ind1=" " ind2="1" tag="264"><subfield code="a">Santa Barbara, California :</subfield><subfield code="b">Greenwood, an imprint of ABC-CLIO, LLC,</subfield><subfield code="c">[2015]</subfield></datafield><datafield ind1=" " ind2=" " tag="300"><subfield code="a">1 online resource (xvii, 296 pages) :</subfield><subfield code="b">ill.</subfield></datafield><datafield ind1=" " ind2=" " tag="336"><subfield code="a">text</subfield><subfield code="b">txt</subfield><subfield code="2">rdacontent</subfield></datafield><datafield ind1=" " ind2=" " tag="337"><subfield code="a">computer</subfield><subfield code="b">c</subfield><subfield code="2">rdamedia</subfield></datafield><datafield ind1=" " ind2=" " tag="338"><subfield code="a">online resource</subfield><subfield code="b">cr</subfield><subfield code="2">rdacarrier</subfield></datafield><datafield ind1=" " ind2=" " tag="504"><subfield code="a">Includes bibliographical references and index.</subfield></datafield><datafield ind1="0" ind2=" " tag="505"><subfield code="a">Acai berry diet -- Aerobic activitiy -- Amphetamines -- Anaerobic activity -- Anemia -- Anorexia Nervosa -- Antioxidants -- Appetite suppressants by prescription -- Artificial sweeteners -- Atkins, Robert C. -- Atkins nutritional approach -- Baby food diet -- Banana diet -- Barnard, Neal -- Belviq -- Beverly Hills diet -- Biggest Loser, the -- Body for Life -- Body mass index -- Bulimia Nervosa -- Cabbage soup diet -- Caffeine -- Calcium -- Calorad -- Calories -- Carbohydrate addict's diet -- Carbohydrates --Celebrity doctors -- Celebrity endorsements -- Celiac disease -- Childhood obesity -- Cholesterol (blood types) -- Cholesterol (dietary)  -- Christian diets -- Coconut diet -- D'Adamo, Peter J. -- DASH diet -- Dehydration -- Dehydroepiandrosterone (DHEA) -- Dexatrim -- Diabetes -- Dietary fat -- Dietary guidelines for Americans -- Dietary Supplement Health and Education Act (DSHEA) -- Dimethylamylamine HCI (DMAA) -- Dukan diet -- Eat right 4 your type -- Eating disorders -- Eicosanoids -- Ephedra/Ephedrine -- Excercise -- Fat -- Fat blockers -- Feingold diet -- Fen-Phen -- Five a day -- 5-factor fitness -- Food and Drug Administration (FDA) -- Food guide pyramid -- Food Safety Modernization Act -- French women don't get fat -- Gluten-free -- Glycemic index -- Ghrelin -- Graham, Sylvester -- Grapefruit diet -- Healthy eating plate -- Healthy People 2000 -- Herbal diet teas -- Herbalife -- High-protein diets -- Hudson, Jennifer -- Human Chorionic Gonadotropin (HCG) -- Insulin -- Internet dating -- Jenny Craig -- Ketones/ketosis -- Let's move -- Life choice diet -- Liposuction -- Liquid protein diets -- Macrobiotics -- Malnutrition -- Master cleanse diet -- McDougall program -- Meridia -- Metabolife -- MyPlate -- National Weight Control Registry -- Nutrisystem -- Nutritional facts label -- Obama, Michelle -- Obesity -- Obesity surgery -- Ohsawa, George -- Omish, Dean -- Osteoporosis -- Overeater's Anonymous -- Overnight diet -- P90X -- Paleo diet -- Phenylpropanolamine (PPA) -- Phytochemicals -- Prediabetes -- President's Council on Physical Fitness, Sports, and Nutrition -- Pritikin program for diet and excercise -- Protein power -- Qsymia -- Raw foods -- Registered Dietitian (RD) -- Relaxacisor -- Resting metabolic rate -- Rotation diet -- Scarsdale diet -- Sears, Barry -- Shamblin, Gwen -- Simmons, Richard -- Slim chance awards -- Slim-fast -- Somers, Suzanne -- South Beach diet -- Starch blockers -- Stevia -- Subway diet -- Sugar busters! -- Supersize -- Target heart rate -- Tarnower, Herman -- Television -- T-factor diet  -- TOPS, Take off pounds sensibly -- Trans fatty acids -- Vegetarian diet -- Vitamins -- Walking -- Weigh down diet -- Weight Watchers -- Wheat belly diet -- Xenical -- Yo-yo dieting -- The Zone.</subfield></datafield><datafield ind1=" " ind2=" " tag="506"><subfield code="a">Access restricted to authorized users and institutions.</subfield></datafield><datafield ind1="0" ind2=" " tag="588"><subfield code="a">Online resource; title from PDF title page (Ebsco, viewed Jan. 13, 2015).</subfield></datafield><datafield ind1=" " ind2=" " tag="596"><subfield code="a">44</subfield></datafield><datafield ind1=" " ind2="0" tag="650"><subfield code="a">Reducing diets</subfield><subfield code="v">Encyclopedias.</subfield></datafield><datafield ind1=" " ind2="0" tag="650"><subfield code="a">Weight loss</subfield><subfield code="v">Encyclopedias.</subfield></datafield><datafield ind1="1" ind2=" " tag="700"><subfield code="a">Zoumbaris, Sharon K.,</subfield><subfield code="d">1955-</subfield><subfield code="e">author.</subfield></datafield><datafield ind1="4" ind2="0" tag="856"><subfield code="3">University of Alberta Access</subfield><subfield code="u">http://search.ebscohost.com/login.aspx?direct=true&amp;scope=site&amp;db=nlebk&amp;db=nlabk&amp;AN=923759</subfield><subfield code="x">Limited to 365 Uses Per Calendar Year</subfield><subfield code="z">(Unlimited Concurrent Users)</subfield></datafield><datafield ind1=" " ind2=" " tag="949"><subfield code="w">ORDER</subfield><subfield code="h">UAIN</subfield><subfield code="z">PDACOUTTS</subfield></datafield><datafield ind1=" " ind2=" " tag="926"><subfield code="a">Internet Access</subfield><subfield code="w">LC</subfield><subfield code="c">1</subfield><subfield code="i">6802350-1001</subfield><subfield code="l">INTERNET</subfield><subfield code="m">UAINTERNET</subfield><subfield code="r">Y</subfield><subfield code="s">Y</subfield><subfield code="t">E-RESOURCE</subfield><subfield code="u">2/10/2015</subfield><subfield code="x">E-BOOK</subfield><subfield code="z">PDAOWNED</subfield></datafield></record>